
@book{newton1999,
    Annote = {https://archive.org/details/newtonspmathema00newtrich
},
    Author = {Newton, Isaac},
    Date-Added = {2015-04-06 23:31:22 +0000},
    Date-Modified = {2015-04-06 23:34:24 +0000},
    Publisher = {Univ of California Press},
    Title = {The principia: mathematical principles of natural philosophy},
    Year = {1999}}

@article{shannon1949,
    Author = {Shannon, C.E.},
    Date-Added = {2013-01-17 04:24:11 +0000},
    Date-Modified = {2013-10-30 16:05:34 +0000},
    Doi = {10.1109/JRPROC.1949.232969},
    Issn = {0096-8390},
    Journal = {Proceedings of the IRE},
    Keywords = {Bandwidth;Circuits;Communication systems;Electron tubes;Frequency measurement;Gain measurement;Klystrons;Shape;Telephony;Voltage;},
    Month = {jan.},
    Number = {1},
    Pages = {10 - 21},
    Title = {Communication in the Presence of Noise},
    Volume = {37},
    Year = {1949},
    Bdsk-Url-1 = {http://dx.doi.org/10.1109/JRPROC.1949.232969}}

@article{shannon1949a,
    Author = {Shannon, Claude E},
    Date-Added = {2016-04-17 19:05:57 +0000},
    Date-Modified = {2016-04-17 19:06:10 +0000},
    Journal = {Bell system technical journal},
    Keywords = {cryptography},
    Number = {4},
    Pages = {656--715},
    Publisher = {Wiley Online Library},
    Title = {Communication theory of secrecy systems*},
    Volume = {28},
    Year = {1949},
    }


@article{kalman1960,
    Author = {Kalman, R E},
    Date-Modified = {2013-10-30 16:05:34 +0000},
    Journal = {Journal of Basic Engineering},
    Local-Url = {/Users/shanks/Dropbox/docs/technical_papers/papers/A New Approach to Linear Filtering and Prediction Problems_Kalman_1960.pdf},
    Number = {1},
    Pages = {35--45},
    Title = {{A New Approach to Linear Filtering and Prediction Problems}},
    Volume = {82},
    Year = {1960},
    }

@article{kalman1961,
    Author = {Kalman, R. E. and Bucy, R. S.},
    Date-Modified = {2013-10-30 16:05:34 +0000},
    Doi = {10.1115/1.3658902},
    Issn = {00219223},
    Journal = {Journal of Basic Engineering},
    Local-Url = {/Users/shanks/Dropbox/docs/technical_papers/papers/New Results in Linear Filtering and Prediction Theory_Kalman, Bucy_1961.pdf},
    Number = {1},
    Pages = {95},
    Title = {{New Results in Linear Filtering and Prediction Theory}},
    Url = {http://link.aip.org/link/JBAEAI/v83/i1/p95/s1&Agg=doi},
    Volume = {83},
    Year = {1961},
    Bdsk-Url-1 = {http://link.aip.org/link/JBAEAI/v83/i1/p95/s1&Agg=doi},
    Bdsk-Url-2 = {http://dx.doi.org/10.1115/1.3658902}}
    
    
    
    @article{higgs,
title = "Observation of a new boson at a mass of 125 GeV with the CMS experiment at the LHC",
journal = "Physics Letters B",
volume = "716",
number = "1",
pages = "30 - 61",
year = "2012",
issn = "0370-2693",
doi = "10.1016/j.physletb.2012.08.021",
url = "http://www.sciencedirect.com/science/article/pii/S0370269312008581",
author = "S. Chatrchyan and V. Khachatryan and all"
}

@article{ams:cern,
  title = "Towards Understanding the Origin of Cosmic-Ray Positrons",
  author = "M. Aguilar and others",
  journal = "Phys. Rev. Lett.",
  volume = "122",
  year = "2019",
  doi = "10.1103/PhysRevLett.122.041102",
}

%3
@Article{Curtin2015,
author="Curtin, David and Essig, Rouven and Gori, Stefania and Shelton, Jessie",
title="Illuminating dark photons with high-energy colliders",
journal="Journal of High Energy Physics",
year="2015",
month="02",
day="24",
volume="2015",
number="2",
pages="157",
issn="1029-8479",
doi="10.1007/JHEP02(2015)157",
url="https://doi.org/10.1007/JHEP02(2015)157"
}
%4
@article{LB,
title = "A search for pair production of new light bosons decaying into muons in proton-proton collisions at 13 TeV",
journal = "Physics Letters B",
volume = "796",
pages = "131-154",
year = "2019",
issn = "0370-2693",
doi = "10.1016/j.physletb.2019.07.013",
url = "http://www.sciencedirect.com/science/article/pii/S0370269319304691",
}
%5
@article{Arcadi:2019lka,
      author         = "Arcadi, Giorgio and Djouadi, Abdelhak and Raidal, Martti",
      title          = "{Dark Matter through the Higgs portal}",
      year           = "2019",
      eprint         = "1903.03616",
      archivePrefix  = "arXiv",
      primaryClass   = "hep-ph",
      reportNumber   = "LAPTH-010/19",
      SLACcitation   = "%%CITATION = ARXIV:1903.03616;%%"
}
%6
@article{Alwall:2007st,
      author         = "Alwall, Johan and Demin, Pavel and de Visscher, Simon and
                        Frederix, Rikkert and Herquet, Michel and Maltoni, Fabio and Plehn, Tilman and Rainwater,
                        David L. and Stelzer, Tim",
      title          = "{MadGraph/MadEvent} v4: the new web generation",
      journal        = "JHEP",
      volume         = "09",
      pages          = "028",
      doi            = "10.1088/1126-6708/2007/09/028",
      year           = "2007",
      eprint         = "0706.2334",
      archivePrefix  = "arXiv",
      primaryClass   = "hep-ph",
      reportNumber   = "SLAC-PUB-12603, CP3-07-17",
      SLACcitation   = "%%CITATION = ARXIV:0706.2334;%%",     
}
%7
@Article{deFavereau2014,
author="{The DELPHES 3 collaboration}",
title=" DELPHES 3: a modular framework for fast simulation of a generic collider experiment",
journal="Journal of High Energy Physics",
year="2014",
month="02",
day="13",
volume="2014",
number="2",
pages="57",
issn="1029-8479",
doi="10.1007/JHEP02(2014)057",
url="https://doi.org/10.1007/JHEP02(2014)057"
}

@article{susy,
  title = "LHC Signals for a SuperUnified Theory of Dark Matter",
  author = "Nima Arkani-Hamed and Neal Weiner",
  journal = "School of Natural Sciences, Institute for Advanced Study, Einstein Drive, Princeton.",
  %volume = "122",
  year = "2018",
  doi = "10.1088/1126-6708/2008/12/104",
}

@Article{bb38,
author="Keith R. Dienes,Christopher Kolda,â€  and John March-Russell",
title=" {Kinetic Mixing and the Supersymmetric Gauge Hierarchy}",
journal="Nucl. Phys.",
year="1997",
month="October",
%day="13",
volume="492",
number="B",
%pages="57",
%issn="1029-8479",
doi="10.1016/S0550-3213(97)00173-9",
url="https://arxiv.org/abs/hep-ph/9610479"
}

@Article{bb39,
author="Clifford Cheung, Joshua T. Ruderman, Lian-Tao Wang and Itay Yavin",
title=" {Kinetic Mixing as the Origin of Light Dark Scales}",
journal="Nucl. Phys.",
year=" 2018",
month="October",
day="22",
%volume="492",
%number="B",
%pages="57",
%issn="1029-8479",
doi="10.1103/PhysRevD.80.035008",
url="https://arxiv.org/abs/0902.3246v3"
}

@Article{bb41,
author="Brian Batell, Maxim Pospelov and Adam Ritz",
title=" {Probing a Secluded U(1) at B-factories}",
journal="Nucl. Phys.",
year=" 2009",
month="Marzo",
day="2",
%volume="492",
%number="B",
%pages="57",
%issn="1029-8479",
doi="10.1103/PhysRevD.79.115008",
url="https://arxiv.org/abs/0903.0363v1"}



%% 
%% Copyright (C) 2011-2013,2015,2016 by
%%   Joseph Wright <joseph.wright at morningstar2.co.uk>
%% 
%% It may be distributed and/or modified under the conditions of
%% the LaTeX Project Public License (LPPL), either version 1.3c of
%% this license or (at your option) any later version.  The latest
%% version of this license is in the file:
%% 
%%    http://www.latex-project.org/lppl.txt
%% 
%% This work is "maintained" (as per LPPL maintenance status) by
%%   Joseph Wright.
%% 
%% This work consists of the files biblatex-ieee.bib,
%%                                 biblatex-ieee.tex,
%%                                 ieee.bbx,
%%                                 ieee.cbx,
%%                                 ieee-alphabetic.bbx and
%%                                 ieee-alphabetic.cbx,
%%           and the derived files biblatex-ieee.pdf and
%%                                 biblatex-ieee-alphabetic.pdf.
%% 
%%
%% End of file `biblatex-ieee.bib'.
