@article{kuroda_complete_2005,
	title = {Complete {Lagrangian} of {MSSM}},
	language = {en},
	author = {Kuroda, M.},
	month = apr,
	year = {2005},
	note = {\href{http://arxiv.org/abs/hep-ph/9902340}{arXiv: 9902340}},
	keywords = {High Energy Physics - Phenomenology},
}

@article{atlas_collaboration_search_2018-2,
	title = {Search for {Higgs} boson decays to beyond-the-{Standard}-{Model} light bosons in four-lepton events with the {ATLAS} detector at $\sqrt{s}=13$ {TeV}},
	doi = {10.1007/JHEP06(2018)166},
	urldate = {2020-06-14},
	journal = {Journal of High Energy Physics},
	author = {{ATLAS Collaboration}},
	month = jun,
	year = {2018},
	note = {\href{http://arxiv.org/abs/1802.03388}{arXiv: 1802.03388}},
	keywords = {High Energy Physics - Experiment},
	pages = {166},
}

@article{atlas_collaboration_search_2018-1,
	title = {Search for the {Higgs} boson produced in association with a vector boson and decaying into two spin-zero particles in the $H \rightarrow aa \rightarrow 4b$ channel in $pp$ collisions at $\sqrt{s} = 13$ {TeV} with the {ATLAS} detector},
	doi = {10.1007/JHEP10(2018)031},
	urldate = {2020-06-14},
	journal = {Journal of High Energy Physics},
	author = {{ATLAS Collaboration}},
	month = oct,
	year = {2018},
	note = {\href{http://arxiv.org/abs/1806.07355}{arXiv: 1806.07355}},
	keywords = {High Energy Physics - Experiment},
}

@article{atlas_collaboration_search_2018,
	title = {Search for {Higgs} boson pair production in the $\gamma\gamma WW^{*}$ channel using $pp$ collision data recorded at $\sqrt{s} = 13$ {TeV} with the {ATLAS} detector},
	urldate = {2020-03-27},
	journal = {The European Physical Journal C},
	author = {{ATLAS Collaboration}},
	year = {2018},
	note = {\href{http://arxiv.org/abs/1807.08567}{arXiv: 1807.08567}},
	keywords = {High Energy Physics - Experiment},
}

%   
@article{atlas_collaboration_search_2014,
	title = {Search for {long-lived neutral particles} decaying into lepton jets in proton-proton collisions at $ \sqrt{s} = 8 $ {TeV} with the {ATLAS} detector},
	urldate = {2020-06-14},
	journal = {Journal of High Energy Physics},
	author = {{ATLAS Collaboration}},
	year = {2014},
	note = {\href{http://arxiv.org/abs/1409.0746}{arXiv: 1409.0746}},
	keywords = {High Energy Physics - Experiment},
}
% 
@article{atlas_collaboration_search_2016-4,
	title = {A search for prompt {lepton-jets} in $pp$ collisions at $\sqrt{s}=$ 8 {TeV} with the {ATLAS} detector},
	doi = {10.1007/JHEP02(2016)062},
	urldate = {2020-06-14},
	journal = {Journal of High Energy Physics},
	author = {{ATLAS Collaboration}},
	month = feb,
	year = {2016},
	note = {\href{http://arxiv.org/abs/1511.05542}{arXiv: 1511.05542}},
	keywords = {High Energy Physics - Experiment},
}


@article{atlas_collaboration_search_2016-3,
	title = {Search for the {Higgs} boson produced in association with a ${W}$ boson and decaying to four $b$-quarks via two spin-zero particles in $pp$ collisions at 13 {TeV} with the {ATLAS} detector},
	doi = {10.1140/epjc/s10052-016-4418-9},
	journal = {The European Physical Journal C},
	author = {{ATLAS Collaboration}},
	month = nov,
	year = {2016},
	note = {\href{http://arxiv.org/abs/1606.08391}{arXiv: 1606.08391}},
	keywords = {High Energy Physics - Experiment},
}

@article{atlas_collaboration_search_2016-2,
	title = {Search for new phenomena in events with at least {three photons} collected in $pp$ collisions at $\sqrt{s}$ = 8 {TeV} with the {ATLAS} detector},
	doi = {10.1140/epjc/s10052-016-4034-8},
	number = {4},
	urldate = {2020-06-14},
	journal = {The European Physical Journal C},
	author = {{ATLAS Collaboration}},
	month = apr,
	year = {2016},
	note = {\href{http://arxiv.org/abs/1509.05051}{arXiv: 1509.05051}},
	keywords = {High Energy Physics - Experiment},
}


@article{atlas_collaboration_search_2016,
	title = {Search for new phenomena in events with at least {three photons} collected in pp collisions at $\sqrt{s}$= 8 {TeV} with the {ATLAS} detector},
	note = {\href{https://doi.org/10.1140/epjc/s10052-016-4034-8}{doi: s10052-016-4034-8}},
	urldate = {2020-06-14},
	journal = {The European Physical Journal C},
	author = {{ATLAS Collaboration}},
	month = apr,
	year = {2016},
}

@article{lhcb_collaboration_search_2016,
	title = {Search for {Higgs}-like bosons decaying into long-lived exotic particles},
	doi = {10.1140/epjc/s10052-016-4489-7},
	urldate = {2020-06-14},
	journal = {The European Physical Journal C},
	author = {{LHCb collaboration}},
	month = dec,
	year = {2016},
	note = {\href{http://arxiv.org/abs/1609.03124}{arXiv: 1609.03124}},
	keywords = {High Energy Physics - Experiment},
}

@article{cms_collaboration_search_2013,
	title = {Search for a non-standard-model {Higgs} boson decaying to a pair of new light bosons in four-muon final states},
	note = {\href{http://arxiv.org/abs/1210.7619}{doi: 2013.09.009, arXiv: 1210.7619}},
	urldate = {2020-06-14},
	journal = {Physics Letters B},
	author = {{CMS Collaboration}},
	month = nov,
	year = {2013},
	keywords = {High Energy Physics - Experiment},
}

@article{cms_collaboration_search_2018,
	title = {Search for an exotic decay of the {Higgs} boson to a pair of light pseudoscalars in the final state of two muons and two $\tau$ leptons in proton-proton collisions at $\sqrt{s}=$ 13 {TeV}},
	doi = {10.1007/JHEP11(2018)018},
	number = {11},
	urldate = {2020-06-14},
	journal = {Journal of High Energy Physics},
	author = {{CMS Collaboration}},
	month = nov,
	year = {2018},
	note = {\href{http://arxiv.org/abs/1805.04865}{arXiv: 1805.04865}},
	keywords = {High Energy Physics - Experiment},
}

@article{atlas_collaboration_search_2018,
	title = {Search for {Higgs} boson pair production in the $\gamma\gamma WW^*$ channel using $pp$ collision data recorded at $\sqrt{s} = 13$ {TeV} with the {ATLAS} detector},
	doi = {10.1140/epjc/s10052-018-6457-x},
	journal = {Eur. Phys. J. C},
	author = {{ATLAS Collaboration}},
	month = dec,
	year = {2018},
	note = {\href{http://arxiv.org/abs/1807.08567}{arXiv: 1807.08567}},
	keywords = {High Energy Physics - Experiment},
}
	
@article{cms_collaboration_search_2016,
	title = {Search for a very light {NMSSM} {Higgs} boson produced in decays of the 125 {GeV} scalar boson and decaying into tau leptons in pp collisions at $\sqrt{s} = 8 {TeV}$},
	doi = {10.1007/JHEP01(2016)079},
	journal = {J. High Energ. Phys.},
	author = {{CMS Collaboration}},
	month = jan,
	year = {2016},
	note = {\href{http://arxiv.org/abs/1510.06534}{arXiv: 1510.06534}},
	keywords = {High Energy Physics - Experiment},
}

@article{romao_resource_2012,
	title = {A resource for signs and {Feynman} diagrams of the {Standard} {Model}},
	doi = {10.1142/S0217751X12300256},
	journal = {Int. J. Mod. Phys. A},
	author = {Romao, Jorge C. and Silva, Joao P.},
	month = oct,
	year = {2012},
	note = {\href{http://arxiv.org/abs/1209.6213}{arXiv: 1209.6213}},
	keywords = {High Energy Physics - Phenomenology},
}

@article{santamaria_masses_1993,
	title = {Masses, {Mixings}, {Yukawa} {Couplings} and their {Symmetries}},
	doi = {10.1016/0370-2693(93)91110-9},
	journal = {Physics Letters B},
	author = {Santamaria, Arcadi},
	month = may,
	year = {1993},
	note = {\href{http://arxiv.org/abs/hep-ph/9302301}{arXiv: 9302301}},
	keywords = {High Energy Physics - Phenomenology},
}
	
@article{colless_structure_1996,
	title = {Structure and {Dynamics} of the {Coma} {Cluster}},
	doi = {10.1086/176827},
	journal = {ApJ},
	author = {Colless, Matthew and Dunn, Andrew M.},
	month = feb,
	year = {1996},
	note = {\href{http://arxiv.org/abs/astro-ph/9508070}{arXiv: 9508070}},
	keywords = {Astrophysics},
}

@article{bergh_early_1999,
	title = {The {Early} {History} of {Dark} {Matter}},
	doi = {10.1086/316369},
	journal = {PUBL ASTRON SOC PAC},
	author = {Bergh, Sidney van den},
	month = jun,
	year = {1999},
	note = {\href{http://arxiv.org/abs/astro-ph/9904251}{arXiv: 9904251}},
	keywords = {Astrophysics},
}

@article{deur_relativistic_2020,
	title = {Relativistic corrections to the rotation curves of disk galaxies},
	journal = {astro-ph},
	author = {Deur, Alexandre},
	month = apr,
	year = {2020},
	note = {\href{http://arxiv.org/abs/2004.05905}{arXiv: 2004.05905}},
}

@article{wu_galactic_2015,
	title = {Galactic rotation curves, the baryon-to-dark-halo-mass relation and space-time scale invariance},
	doi = {10.1093/mnras/stu2099},
	journal = {Monthly Notices of the Royal Astronomical Society},
	author = {Wu, Xufen and Kroupa, Pavel},
	month = jan,
	year = {2015},
	note = {\href{http://arxiv.org/abs/1410.2256}{arXiv: 1410.2256}},
	keywords = {Astrophysics - Astrophysics of Galaxies},
}

@article{mielke_dark_2006,
	title = {Dark {Matter} {Halos} as {Bose}-{Einstein} {Condensates}},
	doi = {10.1142/9789812704030_0005},
	journal = {The Tenth Marcel Grossmann Meeting},
	author = {Mielke, Eckehard W. and Fuchs, Burkhard and Schunck, Franz E.},
	month = feb,
	year = {2006},
	note = {\href{http://arxiv.org/abs/astro-ph/0608526}{arXiv: 0608526}},
	keywords = {Astrophysics},
}

@article{marsh_strings_2019,
	title = {Strings, {Topological} {Change} and {Dark} {Matter}},
	journal = {gr-qc},
	author = {Marsh, Gerald E.},
	month = aug,
	year = {2019},
	note = {\href{http://arxiv.org/abs/1909.01077}{arXiv: 1909.01077}},
}

@article{servant_is_2003,
	title = {Is the {Lightest} {Kaluza}-{Klein} {Particle} a {Viable} {Dark} {Matter} {Candidate}?},
	doi = {10.1016/S0550-3213(02)01012-X},
	journal = {Nuclear Physics B},
	author = {Servant, Geraldine and Tait, Tim M. P.},
	month = feb,
	year = {2003},
	note = {\href{http://arxiv.org/abs/hep-ph/0206071}{arXiv: 0206071}},
	keywords = {High Energy Physics - Phenomenology, High Energy Physics - Theory, Astrophysics},
}

@article{cms_collaboration_search_2019-1,
	title = {Search for a narrow resonance lighter than 200 {GeV} decaying to a pair of muons in proton-proton collisions at 13 {TeV}},
	journal = {hep-ex},
	author = {{CMS Collaboration}},
	month = dec,
	year = {2019},
	note = {\href{http://arxiv.org/abs/1912.04776}{arXiv: 1912.04776}},
}

@article{cms_collaboration_search_2019,
	title = {A search for pair production of new light bosons decaying into muons in proton-proton collisions at 13 {TeV}},
	doi = {10.1016/j.physletb.2019.07.013},
	journal = {Physics Letters B},
	author = {{CMS Collaboration}},
	month = sep,
	year = {2019},
	note = {\href{http://arxiv.org/abs/1812.00380}{arXiv: 1812.00380}},
	keywords = {High Energy Physics - Experiment},
}

@article{wells_upgraded_2015,
	title = {The upgraded {ATLAS} and {CMS} detectors and their physics capabilities},
	journal = {Philosophical Transactions of the Royal Society A: Mathematical, Physical and Engineering Sciences},
	author = {Wells, Pippa S.},
	month = jan,
	year = {2015},
	note = {\href{{https://royalsocietypublishing.org/doi/full/10.1098/rsta.2014.0046}}{doi: 10.1098/rsta.2014.0046}},
	pages = {20140046},
}

@article{alwall_automated_2014,
	title = {The automated computation of tree-level and next-to-leading order differential cross sections, and their matching to parton shower simulations},
	doi = {10.1007/JHEP07(2014)079},
	journal = {J. High Energ. Phys.},
	author = {Alwall, J. and Frederix, R. and Frixione, S. and Hirschi, V. and Maltoni, F. and Mattelaer, O. and Shao, H.-S. and Stelzer, T. and Torrielli, P. and Zaro, M.},
	month = jul,
	year = {2014},
	note = {\href{http://arxiv.org/abs/1405.0301}{arXiv: 1405.0301}},
	keywords = {High Energy Physics - Phenomenology},
}

@article{conte_madanalysis_2013,
	title = {{MadAnalysis} 5, a user-friendly framework for collider phenomenology},
	doi = {10.1016/j.cpc.2012.09.009},
	journal = {Computer Physics Communications},
	author = {Conte, Eric and Fuks, Benjamin and Serret, Guillaume},
	month = jan,
	year = {2013},
	note = {\href{http://arxiv.org/abs/1206.1599}{arXiv: 1206.1599}},
	keywords = {High Energy Physics - Phenomenology},
}

@article{binoth_precise_2008,
	title = {Precise predictions for {LHC} using a {GOLEM}},
	doi = {10.1016/j.nuclphysbps.2008.09.088},
	journal = {Nuclear Physics B - Proceedings Supplements},
	author = {Binoth, T. and Guffanti, A. and Guillet, J.-Ph and Heinrich, G. and Karg, S. and Kauer, N. and Mertsch, P. and Reiter, T. and Reuter, J. and Sanguinetti, G.},
	month = oct,
	year = {2008},
	note = {\href{http://arxiv.org/abs/0807.0605}{arXiv: 0807.0605}},
	keywords = {High Energy Physics - Phenomenology},
}

@article{ellis_scalar_2008,
	title = {Scalar one-loop integrals for {QCD}},
	doi = {10.1088/1126-6708/2008/02/002},
	journal = {J. High Energy Phys.},
	author = {Ellis, R. Keith and Zanderighi, Giulia},
	month = feb,
	year = {2008},
	note = {\href{http://arxiv.org/abs/0712.1851}{arXiv: 0712.1851}},
	keywords = {High Energy Physics - Phenomenology},
}

@article{wang_novel_2018,
	title = {A novel pulsed fiber laser: {Further} study on the bias-pumped gain-switched fiber laser},
	doi = {10.1088/1612-202X/aac426},
	journal = {Laser Phys. Lett.},
	author = {Wang, Fuyong},
	month = aug,
	year = {2018},
	note = {\href{http://arxiv.org/abs/1804.00444}{arXiv: 1804.00444}},
}

@article{buonocore_event_2019,
	title = {Event generation for beam dump experiments},
	doi = {10.1007/JHEP05(2019)028},
	journal = {J. High Energ. Phys.},
	author = {Buonocore, Luca and Frugiuele, Claudia and Maltoni, Fabio and Mattelaer, Olivier and Tramontano, Francesco},
	month = may,
	year = {2019},
	note = {\href{http://arxiv.org/abs/1812.06771}{arXiv: 1812.06771}},
	keywords = {High Energy Physics - Experiment, High Energy Physics - Phenomenology},
}

@article{de_favereau_delphes_2014,
title = {{DELPHES} 3, {A} modular framework for fast simulation of a generic collider experiment},
doi = {10.1007/JHEP02(2014)057},
journal = {J. High Energ. Phys.},
author = {de Favereau, J. and Delaere, C. and Demin, P. and Giammanco, A. and Lemaître, V. and Mertens, A. and Selvaggi, M.},
month = feb,
year = {2014},
note = {\href{http://arxiv.org/abs/1307.6346}{arXiv: 1307.6346}},
keywords = {High Energy Physics - Experiment, High Energy Physics - Phenomenology},
}

@article{nagy_what_2018,
	title = {What is a parton shower},
	doi = {10.1103/PhysRevD.98.014034},
	journal = {Phys. Rev. D},
	author = {Nagy, Zoltan and Soper, Davison E.},
	month = jul,
	year = {2018},
	note = {\href{http://arxiv.org/abs/1705.08093}{arXiv: 1705.08093}},
	keywords = {High Energy Physics - Phenomenology},
}

@article{sjostrand_introduction_2015,
	title = {An {Introduction} to {PYTHIA} 8.2},
	doi = {10.1016/j.cpc.2015.01.024},
	journal = {Computer Physics Communications},
	author = {Sjostrand, Torbjorn and Ask, Stefan and Christiansen, Jesper R. and Corke, Richard and Desai, Nishita and Ilten, Philip and Mrenna, Stephen and Prestel, Stefan and Rasmussen, Christine O. and Skands, Peter Z.},
	month = jun,
	year = {2015},
	note = {\href{http://arxiv.org/abs/1410.3012}{arXiv: 1410.3012}},
	keywords = {High Energy Physics - Phenomenology},
}

@article{van_hameren_oneloop_2011,
	title = {{OneLOop}: for the evaluation of one-loop scalar functions},
	doi = {10.1016/j.cpc.2011.06.011},
	journal = {Computer Physics Communications},
	author = {van Hameren, A.},
	month = nov,
	year = {2011},
	note = {\href{http://arxiv.org/abs/1007.4716}{arXiv: 1007.4716}},
	keywords = {High Energy Physics - Phenomenology},
}

@article{mastrolia_integrand_2012,
	title = {Integrand reduction of one-loop scattering amplitudes through {Laurent} series expansion},
	doi = {10.1007/JHEP06(2012)095},
	journal = {J. High Energ. Phys.},
	author = {Mastrolia, Pierpaolo and Mirabella, Edoardo and Peraro, Tiziano},
	month = jun,
	year = {2012},
	note = {\href{http://arxiv.org/abs/1203.0291}{arXiv: 1203.0291}},
	keywords = {High Energy Physics - Phenomenology},
}

@article{peraro_ninja_2014,
	title = {Ninja: {Automated} {Integrand} {Reduction} via {Laurent} {Expansion} for {One}-{Loop} {Amplitudes}},
	doi = {10.1016/j.cpc.2014.06.017},
	journal = {Computer Physics Communications},
	author = {Peraro, Tiziano},
	month = oct,
	year = {2014},
	note = {\href{http://arxiv.org/abs/1403.1229}{arXiv: 1403.1229}},
	keywords = {High Energy Physics - Phenomenology},
}

@article{hirschi_tensor_2016,
	title = {Tensor integrand reduction via {Laurent} expansion},
	doi = {10.1007/JHEP06(2016)060},
	journal = {J. High Energ. Phys.},
	author = {Hirschi, Valentin and Peraro, Tiziano},
	month = jun,
	year = {2016},
	note = {\href{http://arxiv.org/abs/1604.01363}{arXiv: 1604.01363}},
}

@article{denner_collier_2017,
	title = {Collier: a fortran-based {Complex} {One}-{Loop} {LIbrary} in {Extended} {Regularizations}},
	doi = {10.1016/j.cpc.2016.10.013},
	journal = {Computer Physics Communications},
	author = {Denner, Ansgar and Dittmaier, Stefan and Hofer, Lars},
	month = mar,
	year = {2017},
	note = {\href{http://arxiv.org/abs/1604.06792}{arXiv: 1604.06792}},
	keywords = {High Energy Physics - Phenomenology},
}


@article{buckley_lhapdf6_2015,
	title = {{LHAPDF6}: parton density access in the {LHC} precision era},
	doi = {10.1140/epjc/s10052-015-3318-8},
	journal = {Eur. Phys. J. C},
	author = {Buckley, Andy and Ferrando, James and Lloyd, Stephen and Nordstrom, Karl and Page, Ben and Ruefenacht, Martin and Schoenherr, Marek and Watt, Graeme},
	month = mar,
	year = {2015},
	note = {\href{http://arxiv.org/abs/1412.7420}{arXiv: 1412.7420}},
	keywords = {High Energy Physics - Experiment, High Energy Physics - Phenomenology},
}


@misc{dalton,
title        = "John Dalton Biography",
author       = "{Dalton, John}",
note = "Web: \href{https://www.biography.com/scientist/john-dalton}{https://www.biography.com/scientist/john-dalton}",
year         = "1803",
}

@article{axion_2019,
	title = {Small-scale structure of fuzzy and axion-like dark matter},
	doi = {https://doi.org/10.1016/j.ppnp.2020.103787},
	journal = {Cosmology and Nongalactic Astrophysics},
	author = {Jens C. Niemeyer},
	year = {2019},
	note = {\href{https://arxiv.org/abs/1912.07064}{arXiv: 1912.07064}},
}

@article{wimps_2018,
	title = {Identifying WIMP dark matter from particle and astroparticle data},
	journal = {High Energy Physics},
	author = "Gianfranco Bertone, Nassim Bozorgnia",
	year = {2018},
	note = {\href{https://arxiv.org/abs/1712.04793}{arXiv: 1712.04793}},
}

@article{simps_2019,
	title = {Strongly interacting dark matter and the DAMA signal},
	journal = {Cosmology and Nongalactic Astrophysics},
	author = "Maxim Laletin, Jean-René Cudell",
	year = {2019},
	note = {\href{https://arxiv.org/abs/1903.04637}{arXiv: 1903.04637}},
}

@article{susy_2020,
	title = {Beyond SM Physics and searches for SUSY at the LHC},
	journal = {High Energy Physics - Phenomenology},
	author = "Dris Boubaa, Gaber Faisel, Shaaban Khalil",
	year = {2020},
	note = {\href{https://arxiv.org/abs/2005.08069}{arXiv: 2005.08069}},
}

@article{MSSM_1,
	title = {Extended Higgs sector of supersymmetric models},
	journal = {Physica Scripta},
	author = "Tofighi A., Pourasadollah F.",
	year = {2009},
	note = {\href{https://www.researchgate.net/publication/231116108_Extended\_Higgs_sector\_of\_supersymmetric\_models}{doi: 0.1088/0031-8949/80/01/015101}},
}

@article{MSSM_2,
	title = {The Next-to-Minimal Supersymmetric extension of the Standard Model reviewed},
	journal = {High Energy Physics - Phenomenology},
	author = "M. Maniatis",
	year = {2009},
	note = {\href{https://arxiv.org/abs/0906.0777}{doi: 10.1142/S0217751X10049827}},
}

@article{LB,
title = "A search for pair production of new light bosons decaying into muons in proton-proton collisions at 13 TeV",
journal = "Physics Letters B",
year = "2019",
note = "\href{http://www.sciencedirect.com/science/article/pii/S0370269319304691}{doi: 10.1016/j.physletb.2019.07.013}",
author = {{CMS Collaboration}},
}

@article{dark_1,
	title = {A Theory of Dark Matter},
	journal = {High Energy Physics - Phenomenology },
	author = "Nima Arkani-Hamed and Douglas P. Finkbeiner and Tracy R. Slatyer and Neal Weiner",
	year = {2009},
	note = {\href{https://arxiv.org/abs/0810.0713}{doi: 10.1103/PhysRevD.79.015014}},
}

@article{dark_2,
	title = {A search for pair production of new light bosons decaying into muons in proton-proton collisions at 13 TeV},
	journal = {High Energy Physics - Experiment},
	author = {{CMS Collaboration}},
	year = {2019},
	note = {\href{https://arxiv.org/abs/1812.00380}{doi: 10.1016/j.physletb.2019.07.013}},
}

@article{atlas_collaboration_search_2015,
	title = {Search for new light gauge bosons in {Higgs} boson decays to four-lepton final states in \$pp\$ collisions at \${\textbackslash}sqrt\{s\}=8\$ {TeV} with the {ATLAS} detector at the {LHC}},
	journal = {Physical Review D},
	author = {ATLAS Collaboration},
	year = {2015},
	note = {\href{http://arxiv.org/abs/1505.07645}{doi: 10.1103/PhysRevD.92.092001}},
	keywords = {High Energy Physics - Experiment},
}


@book{ME,
	title = {Field Theory and Standard Model},
	journal = {High Energy Physics - Phenomenology},
	author = {W. Buchmüller and C. Lüdeling},
	year = {2006},
	note = {\href{https://arxiv.org/abs/hep-ph/0609174}{arXiv: 0609174}},
	keywords = {High Energy Physics - Experiment},
}

@article{foton_decae,
	title = {Probing a Secluded U(1) at B-factories},
	journal = {Physical Review D},
	author = {Brian Batell and Maxim Pospelov and Adam Ritz},
	year = {2009},
	note = {\href{https://arxiv.org/abs/0903.0363}{doi:  	10.1103/PhysRevD.79.115008}},
	keywords = {High Energy Physics - Experiment},
}

@article{cms_1,
	title = {Overview of the CMS Detector Performance at LHC Run-2},
	journal = {Physical Review D},
	author = {Martina Ressegotti},
	year = {2019},
	note = {\href{https://www.mdpi.com/2218-1997/5/1/18}{doi: 10.3390/universe5010018}},
	keywords = {Keywords:CMS; LHC; detector performance; Run 2},
}

@article{HL_LHC_1,
	title = {The CMS Tracker Upgrade for theHigh-Luminosity LHC},
	journal = {High Energy Physics-Experiment},
	author = {Ernesto Migliore},
	year = {2019},
	note = {\href{https://arxiv.org/abs/1911.02438}{arXiv: 1911.02438}},
	keywords = {Keywords:CMS; LHC; detector performance; Run 2},
}


@article{tower_1,
	title = {Measurement of missing transverse energy with the CMS detector at the LHC},
	journal = {European Physical Journal C},
	author = {Haifeng Pi and D. Acosta and P. Averya and D. Greenb and J. Rohlf and C. Tully},
	year = {2005},
	note = {\href{https://link.springer.com/article/10.1140/epjcd/s2006-02-004-8}{doi: 10.1140/epjcd/s2006-02-004-8}},
	keywords = {Keywords:CMS; LHC; detector performance; Run 2},
}

@article{de_favereau_delphes_2014-1,
title = {{DELPHES} 3, {A} modular framework for fast simulation of a generic collider experiment},
journal = {J. High Energ. Phys.},
author = {de Favereau, J. and Delaere, C. and Demin, P. and Giammanco, A. and Lemaître, V. and Mertens, A. and Selvaggi, M.},
month = feb,
year = {2014},
keywords = {High Energy Physics - Experiment, High Energy Physics - Phenomenology},
note = {\href{http://arxiv.org/abs/1307.6346}{doi: 10.1007/JHEP02(2014)057}},
} 

@article{pythia8,
	title = {An {Introduction} to {PYTHIA} 8.2},
	journal = {Computer Physics Communications},
	author = {Sjöstrand, Torbjörn and Ask, Stefan and Christiansen, Jesper R. and Corke, Richard and Desai, Nishita and Ilten, Philip and Mrenna, Stephen and Prestel, Stefan and Rasmussen, Christine O. and Skands, Peter Z.},
	year = {2015},
	note = {\href{http://arxiv.org/abs/1410.3012}{doi: 10.1016/j.cpc.2015.01.024}},
	keywords = {High Energy Physics - Phenomenology},
}
