
@book{adams1995hitchhiker,
  title={The Hitchhiker's Guide to the Galaxy},
  author={Adams, D.},
  isbn={9781417642595},
  url={http://books.google.com/books?id=W-xMPgAACAAJ},
  year={1995},
  publisher={San Val}
}

@article{higgs,
title = "Observation of a new boson at a mass of 125 GeV with the CMS experiment at the LHC",
journal = "Physics Letters B",
volume = "716",
number = "1",
pages = "30 - 61",
year = "2012",
issn = "0370-2693",
doi = "10.1016/j.physletb.2012.08.021",
url = "http://www.sciencedirect.com/science/article/pii/S0370269312008581",
author = "S. Chatrchyan and V. Khachatryan and all"
}

@article{ams:cern,
  title = "Towards Understanding the Origin of Cosmic-Ray Positrons",
  author = "M. Aguilar and others",
  journal = "Phys. Rev. Lett.",
  volume = "122",
  year = "2019",
  doi = "10.1103/PhysRevLett.122.041102",
}

%3
@Article{Curtin2015,
author="Curtin, David and Essig, Rouven and Gori, Stefania and Shelton, Jessie",
title="Illuminating dark photons with high-energy colliders",
journal="Journal of High Energy Physics",
year="2015",
month="02",
day="24",
volume="2015",
number="2",
pages="157",
issn="1029-8479",
doi="10.1007/JHEP02(2015)157",
url="https://doi.org/10.1007/JHEP02(2015)157"
}
%4
@article{LB,
title = "A search for pair production of new light bosons decaying into muons in proton-proton collisions at 13 TeV",
journal = "Physics Letters B",
volume = "796",
pages = "131-154",
year = "2019",
issn = "0370-2693",
doi = "10.1016/j.physletb.2019.07.013",
url = "http://www.sciencedirect.com/science/article/pii/S0370269319304691",
}
%5
@article{Arcadi:2019lka,
      author         = "Arcadi, Giorgio and Djouadi, Abdelhak and Raidal, Martti",
      title          = "{Dark Matter through the Higgs portal}",
      year           = "2019",
      eprint         = "1903.03616",
      archivePrefix  = "arXiv",
      primaryClass   = "hep-ph",
      reportNumber   = "LAPTH-010/19",
      SLACcitation   = "%%CITATION = ARXIV:1903.03616;%%"
}
%6
@article{Alwall:2007st,
      author         = "Alwall, Johan and Demin, Pavel and de Visscher, Simon and
                        Frederix, Rikkert and Herquet, Michel and Maltoni, Fabio and Plehn, Tilman and Rainwater,
                        David L. and Stelzer, Tim",
      title          = "{MadGraph/MadEvent} v4: the new web generation",
      journal        = "JHEP",
      volume         = "09",
      pages          = "028",
      doi            = "10.1088/1126-6708/2007/09/028",
      year           = "2007",
      eprint         = "0706.2334",
      archivePrefix  = "arXiv",
      primaryClass   = "hep-ph",
      reportNumber   = "SLAC-PUB-12603, CP3-07-17",
      SLACcitation   = "%%CITATION = ARXIV:0706.2334;%%",     
}
%7
@Article{deFavereau2014,
author="{The DELPHES 3 collaboration}",
title=" DELPHES 3: a modular framework for fast simulation of a generic collider experiment",
journal="Journal of High Energy Physics",
year="2014",
month="02",
day="13",
volume="2014",
number="2",
pages="57",
issn="1029-8479",
doi="10.1007/JHEP02(2014)057",
url="https://doi.org/10.1007/JHEP02(2014)057"
}

@article{susy,
  title = "LHC Signals for a SuperUnified Theory of Dark Matter",
  author = "Nima Arkani-Hamed and Neal Weiner",
  journal = "School of Natural Sciences, Institute for Advanced Study, Einstein Drive, Princeton.",
  %volume = "122",
  year = "2018",
  doi = "10.1088/1126-6708/2008/12/104",
}

@Article{bb38,
author="Keith R. Dienes,Christopher Kolda,â€  and John March-Russell",
title=" {Kinetic Mixing and the Supersymmetric Gauge Hierarchy}",
journal="Nucl. Phys.",
year="1997",
month="October",
%day="13",
volume="492",
number="B",
%pages="57",
%issn="1029-8479",
doi="10.1016/S0550-3213(97)00173-9",
url="https://arxiv.org/abs/hep-ph/9610479"
}

@Article{bb39,
author="Clifford Cheung, Joshua T. Ruderman, Lian-Tao Wang and Itay Yavin",
title=" {Kinetic Mixing as the Origin of Light Dark Scales}",
journal="Nucl. Phys.",
year=" 2018",
month="October",
day="22",
%volume="492",
%number="B",
%pages="57",
%issn="1029-8479",
doi="10.1103/PhysRevD.80.035008",
url="https://arxiv.org/abs/0902.3246v3"
}

@Article{bb41,
author="Brian Batell, Maxim Pospelov and Adam Ritz",
title=" {Probing a Secluded U(1) at B-factories}",
journal="Nucl. Phys.",
year=" 2009",
month="Marzo",
day="2",
%volume="492",
%number="B",
%pages="57",
%issn="1029-8479",
doi="10.1103/PhysRevD.79.115008",
url="https://arxiv.org/abs/0903.0363v1"}

%%%%%%%%%%%%%%%%%%%%%%%%% Obtenidos %%%%%%%%%%%%%%%%%%%%%%%%%


@article{atlas_collaboration_search_2016-4,
	title = {A search for prompt lepton-jets in \$pp\$ collisions at \${\textbackslash}sqrt\{s\}=\$ 8 {TeV} with the {ATLAS} detector},
	volume = {2016},
	issn = {1029-8479},
	url = {http://arxiv.org/abs/1511.05542},
	doi = {10.1007/JHEP02(2016)062},
	number = {2},
	urldate = {2020-06-14},
	journal = {Journal of High Energy Physics},
	author = {ATLAS Collaboration},
	month = feb,
	year = {2016},
	note = {arXiv: 1511.05542},
	keywords = {High Energy Physics - Experiment},
	pages = {62},
	annote = {Comment: 34 pages plus author list + 1 cover pages (51 pages total), 13 figures, 14 tables, submitted to JHEP All figures including auxiliary figures are available at http://atlas.web.cern.ch/Atlas/GROUPS/PHYSICS/PAPERS/EXOT-2014-09/},
}


@article{atlas_collaboration_search_2016-3,
	title = {Search for the {Higgs} boson produced in association with a \${W}\$ boson and decaying to four \$b\$-quarks via two spin-zero particles in \$pp\$ collisions at 13 {TeV} with the {ATLAS} detector},
	volume = {76},
	issn = {1434-6044, 1434-6052},
	url = {http://arxiv.org/abs/1606.08391},
	doi = {10.1140/epjc/s10052-016-4418-9},
	number = {11},
	urldate = {2020-06-14},
	journal = {The European Physical Journal C},
	author = {ATLAS Collaboration},
	month = nov,
	year = {2016},
	note = {arXiv: 1606.08391},
	keywords = {High Energy Physics - Experiment},
	pages = {605},
	annote = {Comment: 26 pages plus author list (43 pages total), 7 figures, 3 tables, final version published in EPJC, All figures including auxiliary figures are available at http://atlas.web.cern.ch/Atlas/GROUPS/PHYSICS/PAPERS/HIGG-2016-01/},
}

@article{atlas_collaboration_search_2016-2,
	title = {Search for new phenomena in events with at least three photons collected in \$pp\$ collisions at \${\textbackslash}sqrt\{s\}\$ = 8 {TeV} with the {ATLAS} detector},
	volume = {76},
	issn = {1434-6044, 1434-6052},
	url = {http://arxiv.org/abs/1509.05051},
	doi = {10.1140/epjc/s10052-016-4034-8},
	number = {4},
	urldate = {2020-06-14},
	journal = {The European Physical Journal C},
	author = {ATLAS Collaboration},
	month = apr,
	year = {2016},
	note = {arXiv: 1509.05051},
	keywords = {High Energy Physics - Experiment},
	pages = {210},
	annote = {Comment: 20 pages plus author list + cover pages (37 pages total), 5 figures, 5 tables, submitted to EPJC; all figures including auxiliary figures are available at https://atlas.web.cern.ch/Atlas/GROUPS/PHYSICS/PAPERS/EXOT-2013-24/},

}


@article{atlas_collaboration_search_2016,
	title = {Search for new phenomena in events with at least three photons collected in pp collisions at \${\textbackslash}sqrt\{s\}\$s= 8 {TeV} with the {ATLAS} detector},
	volume = {76},
	issn = {1434-6052},
	url = {https://doi.org/10.1140/epjc/s10052-016-4034-8},
	doi = {10.1140/epjc/s10052-016-4034-8},
	language = {en},
	number = {4},
	urldate = {2020-06-14},
	journal = {The European Physical Journal C},
	author = {ATLAS Collaboration},
	month = apr,
	year = {2016},
	pages = {210},
}


@article{lhcb_collaboration_search_2016,
	title = {Search for {Higgs}-like bosons decaying into long-lived exotic particles},
	volume = {76},
	issn = {1434-6044, 1434-6052},
	url = {http://arxiv.org/abs/1609.03124},
	doi = {10.1140/epjc/s10052-016-4489-7},
	number = {12},
	urldate = {2020-06-14},
	journal = {The European Physical Journal C},
	author = {LHCb collaboration},
	month = dec,
	year = {2016},
	note = {arXiv: 1609.03124},
	keywords = {High Energy Physics - Experiment},
	pages = {664},
	annote = {Comment: All figures and tables, along with any supplementary material and additional information, are available at https://lhcbproject.web.cern.ch/lhcbproject/Publications/LHCbProjectPublic/LHCb-PAPER-2016-014.html},
}
	
	
@article{cms_collaboration_search_2013,
	title = {Search for a non-standard-model {Higgs} boson decaying to a pair of new light bosons in four-muon final states},
	volume = {726},
	issn = {03702693},
	url = {http://arxiv.org/abs/1210.7619},
	doi = {10.1016/j.physletb.2013.09.009},
	number = {4-5},
	urldate = {2020-06-14},
	journal = {Physics Letters B},
	author = {CMS Collaboration},
	month = nov,
	year = {2013},
	note = {arXiv: 1210.7619},
	keywords = {High Energy Physics - Experiment},
	pages = {564--586},
	annote = {Comment: Replaced with published version. Added journal reference and DOI},
}


@article{cms_collaboration_search_2018,
	title = {Search for an exotic decay of the {Higgs} boson to a pair of light pseudoscalars in the final state of two muons and two \${\textbackslash}tau\$ leptons in proton-proton collisions at \${\textbackslash}sqrt\{s\}=\$ 13 {TeV}},
	volume = {2018},
	issn = {1029-8479},
	url = {http://arxiv.org/abs/1805.04865},
	doi = {10.1007/JHEP11(2018)018},
	number = {11},
	urldate = {2020-06-14},
	journal = {Journal of High Energy Physics},
	author = {CMS Collaboration},
	month = nov,
	year = {2018},
	note = {arXiv: 1805.04865},
	keywords = {High Energy Physics - Experiment},
	pages = {18},
	annote = {Comment: Replaced with the published version. Added the journal reference and the DOI. All the figures and tables can be found at http://cms-results.web.cern.ch/cms-results/public-results/publications/HIG-17-029 (CMS Public Pages)},
}
	
	

@article{atlas_collaboration_search_2018,
	title = {Search for {Higgs} boson pair production in the $\gamma\gamma WW^*$ channel using $pp$ collision data recorded at $\sqrt{s} = 13$ {TeV} with the {ATLAS} detector},
	volume = {78},
	issn = {1434-6044, 1434-6052},
	url = {http://arxiv.org/abs/1807.08567},
	doi = {10.1140/epjc/s10052-018-6457-x},
	number = {12},
	urldate = {2020-03-27},
	journal = {Eur. Phys. J. C},
	author = {ATLAS Collaboration},
	month = dec,
	year = {2018},
	note = {arXiv: 1807.08567},
	keywords = {High Energy Physics - Experiment},
	pages = {1007},
}
	


@article{cms_collaboration_search_2016,
	title = {Search for a very light {NMSSM} {Higgs} boson produced in decays of the 125 {GeV} scalar boson and decaying into tau leptons in pp collisions at $\sqrt{s} = 8 {TeV}},
	volume = {2016},
	issn = {1029-8479},
	url = {http://arxiv.org/abs/1510.06534},
	doi = {10.1007/JHEP01(2016)079},
	number = {1},
	urldate = {2020-02-22},
	journal = {J. High Energ. Phys.},
	author = {CMS Collaboration},
	month = jan,
	year = {2016},
	note = {arXiv: 1510.06534},
	keywords = {High Energy Physics - Experiment},
	pages = {79},
	annote = {Comment: Replaced with published version. Added journal reference and DOI},
}
	

@article{romao_resource_2012,
	title = {A resource for signs and {Feynman} diagrams of the {Standard} {Model}},
	volume = {27},
	issn = {0217-751X, 1793-656X},
	url = {http://arxiv.org/abs/1209.6213},
	doi = {10.1142/S0217751X12300256},
	number = {26},
	urldate = {2020-04-13},
	journal = {Int. J. Mod. Phys. A},
	author = {Romao, Jorge C. and Silva, Joao P.},
	month = oct,
	year = {2012},
	note = {arXiv: 1209.6213},
	keywords = {High Energy Physics - Phenomenology},
	pages = {1230025},
	annote = {Comment: 30 pages, references added},
}
	

@article{santamaria_masses_1993,
	title = {Masses, {Mixings}, {Yukawa} {Couplings} and their {Symmetries}},
	volume = {305},
	issn = {03702693},
	url = {http://arxiv.org/abs/hep-ph/9302301},
	doi = {10.1016/0370-2693(93)91110-9},
	number = {1-2},
	urldate = {2020-04-14},
	journal = {Physics Letters B},
	author = {Santamaria, Arcadi},
	month = may,
	year = {1993},
	note = {arXiv: hep-ph/9302301},
	keywords = {High Energy Physics - Phenomenology},
	pages = {90--97},
	annote = {Comment: 10 pages, LaTeX, CERN-TH.6801/93},
}
	
	
@article{colless_structure_1996,
	title = {Structure and {Dynamics} of the {Coma} {Cluster}},
	volume = {458},
	issn = {0004-637X, 1538-4357},
	url = {http://arxiv.org/abs/astro-ph/9508070},
	doi = {10.1086/176827},
	urldate = {2020-04-15},
	journal = {ApJ},
	author = {Colless, Matthew and Dunn, Andrew M.},
	month = feb,
	year = {1996},
	note = {arXiv: astro-ph/9508070},
	keywords = {Astrophysics},
	pages = {435},
	annote = {Comment: To appear in Ap.J., 43 pages, Postscript of text only, see http://msowww.anu.edu.au/{\textasciitilde}colless/Preprints/coma.html for text, tables and figures},
}
	

@article{bergh_early_1999,
	title = {The {Early} {History} of {Dark} {Matter}},
	volume = {111},
	issn = {0004-6280, 1538-3873},
	url = {http://arxiv.org/abs/astro-ph/9904251},
	doi = {10.1086/316369},
	number = {760},
	urldate = {2020-04-15},
	journal = {PUBL ASTRON SOC PAC},
	author = {Bergh, Sidney van den},
	month = jun,
	year = {1999},
	note = {arXiv: astro-ph/9904251},
	keywords = {Astrophysics},
	pages = {657--660},
	annote = {Comment: Will be published in the June 1999 issue of PASP},
}
	
	
@article{deur_relativistic_2020,
	title = {Relativistic corrections to the rotation curves of disk galaxies},
	url = {http://arxiv.org/abs/2004.05905},
	urldate = {2020-04-15},
	journal = {arXiv:2004.05905 [astro-ph, physics:gr-qc]},
	author = {Deur, Alexandre},
	month = apr,
	year = {2020},
	note = {arXiv: 2004.05905},
	keywords = {Astrophysics - Astrophysics of Galaxies, General Relativity and Quantum Cosmology},
	annote = {Comment: 7 pages, 6 figures},
}
	

@article{wu_galactic_2015,
	title = {Galactic rotation curves, the baryon-to-dark-halo-mass relation and space-time scale invariance},
	volume = {446},
	issn = {1365-2966, 0035-8711},
	url = {http://arxiv.org/abs/1410.2256},
	doi = {10.1093/mnras/stu2099},
	number = {1},
	urldate = {2020-04-15},
	journal = {Monthly Notices of the Royal Astronomical Society},
	author = {Wu, Xufen and Kroupa, Pavel},
	month = jan,
	year = {2015},
	note = {arXiv: 1410.2256},
	keywords = {Astrophysics - Astrophysics of Galaxies},
	pages = {330--344},
	annote = {Comment: 17 pages, 5 figures, Matches to MNRAS published version, references updated},
}
	

@article{mielke_dark_2006,
	title = {Dark {Matter} {Halos} as {Bose}-{Einstein} {Condensates}},
	url = {http://arxiv.org/abs/astro-ph/0608526},
	doi = {10.1142/9789812704030_0005},
	urldate = {2020-04-15},
	journal = {The Tenth Marcel Grossmann Meeting},
	author = {Mielke, Eckehard W. and Fuchs, Burkhard and Schunck, Franz E.},
	month = feb,
	year = {2006},
	note = {arXiv: astro-ph/0608526},
	keywords = {Astrophysics},
	pages = {39--58},
	annote = {Comment: 20 pages, 3 figures, Proceedings of the 10th Marcel Grossmann Meeting},
}


@article{marsh_strings_2019,
	title = {Strings, {Topological} {Change} and {Dark} {Matter}},
	url = {http://arxiv.org/abs/1909.01077},
	urldate = {2020-04-15},
	journal = {arXiv:1909.01077 [gr-qc, physics:hep-th, physics:physics]},
	author = {Marsh, Gerald E.},
	month = aug,
	year = {2019},
	note = {arXiv: 1909.01077},
	keywords = {High Energy Physics - Theory, Physics - General Physics, General Relativity and Quantum Cosmology},
	annote = {Comment: 31 pages, 8 figures},
}
	

@article{servant_is_2003,
	title = {Is the {Lightest} {Kaluza}-{Klein} {Particle} a {Viable} {Dark} {Matter} {Candidate}?},
	volume = {650},
	issn = {05503213},
	url = {http://arxiv.org/abs/hep-ph/0206071},
	doi = {10.1016/S0550-3213(02)01012-X},
	number = {1-2},
	urldate = {2020-04-22},
	journal = {Nuclear Physics B},
	author = {Servant, Geraldine and Tait, Tim M. P.},
	month = feb,
	year = {2003},
	note = {arXiv: hep-ph/0206071},
	keywords = {High Energy Physics - Phenomenology, High Energy Physics - Theory, Astrophysics},
	pages = {391--419},
	annote = {Comment: 31 pages, 12 figures; v2: A couple of references added, a few minor clarifications (on KK parity and on the 6d case)},
}


@article{cms_collaboration_search_2019-1,
	title = {Search for a narrow resonance lighter than 200 {GeV} decaying to a pair of muons in proton-proton collisions at 13 {TeV}},
	url = {http://arxiv.org/abs/1912.04776},
	urldate = {2020-02-22},
	journal = {arXiv:1912.04776 [hep-ex]},
	author = {CMS Collaboration},
	month = dec,
	year = {2019},
	note = {arXiv: 1912.04776},
	keywords = {High Energy Physics - Experiment},
	annote = {Comment: Submitted to PRL. All figures and tables can be found at http://cms-results.web.cern.ch/cms-results/public-results/publications/EXO-19-018 (CMS Public Pages)},
}
	
	
@article{cms_collaboration_search_2019,
	title = {A search for pair production of new light bosons decaying into muons in proton-proton collisions at 13 {TeV}},
	volume = {796},
	issn = {03702693},
	url = {http://arxiv.org/abs/1812.00380},
	doi = {10.1016/j.physletb.2019.07.013},
	urldate = {2020-02-22},
	journal = {Physics Letters B},
	author = {CMS Collaboration},
	month = sep,
	year = {2019},
	note = {arXiv: 1812.00380},
	keywords = {High Energy Physics - Experiment},
	pages = {131--154},
	annote = {Comment: Replaced with the published version. Added the journal reference. All the figures and tables can be found at http://cms-results.web.cern.ch/cms-results/public-results/publications/HIG-18-003 (CMS Public Pages)},
	annote = {Comment: Replaced with the published version. Added the journal reference. All the figures and tables can be found at http://cms-results.web.cern.ch/cms-results/public-results/publications/HIG-18-003 (CMS Public Pages)},
}
	
@article{wells_upgraded_2015,
	title = {The upgraded {ATLAS} and {CMS} detectors and their physics capabilities},
	volume = {373},
	url = {https://royalsocietypublishing.org/doi/full/10.1098/rsta.2014.0046},
	doi = {10.1098/rsta.2014.0046},
	number = {2032},
	urldate = {2020-04-23},
	journal = {Philosophical Transactions of the Royal Society A: Mathematical, Physical and Engineering Sciences},
	author = {Wells, Pippa S.},
	month = jan,
	year = {2015},
	note = {Publisher: Royal Society},
	pages = {20140046},
}


@article{alwall_automated_2014,
	title = {The automated computation of tree-level and next-to-leading order differential cross sections, and their matching to parton shower simulations},
	volume = {2014},
	issn = {1029-8479},
	url = {http://arxiv.org/abs/1405.0301},
	doi = {10.1007/JHEP07(2014)079},
	number = {7},
	urldate = {2020-04-25},
	journal = {J. High Energ. Phys.},
	author = {Alwall, J. and Frederix, R. and Frixione, S. and Hirschi, V. and Maltoni, F. and Mattelaer, O. and Shao, H.-S. and Stelzer, T. and Torrielli, P. and Zaro, M.},
	month = jul,
	year = {2014},
	note = {arXiv: 1405.0301},
	keywords = {High Energy Physics - Phenomenology},
	pages = {79},
	annote = {Comment: 158 pages, 27 figures; a few references have been added},
}
	
	
@article{conte_madanalysis_2013,
	title = {{MadAnalysis} 5, a user-friendly framework for collider phenomenology},
	volume = {184},
	issn = {00104655},
	url = {http://arxiv.org/abs/1206.1599},
	doi = {10.1016/j.cpc.2012.09.009},
	number = {1},
	urldate = {2020-04-24},
	journal = {Computer Physics Communications},
	author = {Conte, Eric and Fuks, Benjamin and Serret, Guillaume},
	month = jan,
	year = {2013},
	note = {arXiv: 1206.1599},
	keywords = {High Energy Physics - Phenomenology},
	pages = {222--256},
	annote = {Comment: 118 pages; 5 figures; 25 tables; version accepted by CPC},
}

@article{binoth_precise_2008,
	title = {Precise predictions for {LHC} using a {GOLEM}},
	volume = {183},
	issn = {09205632},
	url = {http://arxiv.org/abs/0807.0605},
	doi = {10.1016/j.nuclphysbps.2008.09.088},
	urldate = {2020-04-24},
	journal = {Nuclear Physics B - Proceedings Supplements},
	author = {Binoth, T. and Guffanti, A. and Guillet, J.-Ph and Heinrich, G. and Karg, S. and Kauer, N. and Mertsch, P. and Reiter, T. and Reuter, J. and Sanguinetti, G.},
	month = oct,
	year = {2008},
	note = {arXiv: 0807.0605},
	keywords = {High Energy Physics - Phenomenology},
	pages = {91--96},
	annote = {Comment: Contribution to the Proceedings of the 9th DESY workshop on "Loops and Legs in Quantum Field Theory", Sondershausen, April 2008. 6 pages latex, 5 eps figures included, replaced with final version, references updated},
}
	
	
@article{ellis_scalar_2008,
	title = {Scalar one-loop integrals for {QCD}},
	volume = {2008},
	issn = {1029-8479},
	url = {http://arxiv.org/abs/0712.1851},
	doi = {10.1088/1126-6708/2008/02/002},
	number = {02},
	urldate = {2020-04-24},
	journal = {J. High Energy Phys.},
	author = {Ellis, R. Keith and Zanderighi, Giulia},
	month = feb,
	year = {2008},
	note = {arXiv: 0712.1851},
	keywords = {High Energy Physics - Phenomenology},
	pages = {002--002},
	annote = {Comment: 27 pages, 5 figures, associated fortran code available at http://qcdloop.fnal.gov/. New version corrects typographical error in Eq. 5.2},
}

@article{wang_novel_2018,
	title = {A novel pulsed fiber laser: {Further} study on the bias-pumped gain-switched fiber laser},
	volume = {15},
	issn = {1612-2011, 1612-202X},
	shorttitle = {A novel pulsed fiber laser},
	url = {http://arxiv.org/abs/1804.00444},
	doi = {10.1088/1612-202X/aac426},
	number = {8},
	urldate = {2020-04-24},
	journal = {Laser Phys. Lett.},
	author = {Wang, Fuyong},
	month = aug,
	year = {2018},
	note = {arXiv: 1804.00444},
	keywords = {Physics - Optics},
	pages = {085105},
}

@article{buonocore_event_2019,
	title = {Event generation for beam dump experiments},
	volume = {2019},
	issn = {1029-8479},
	url = {http://arxiv.org/abs/1812.06771},
	doi = {10.1007/JHEP05(2019)028},
	number = {5},
	urldate = {2020-04-24},
	journal = {J. High Energ. Phys.},
	author = {Buonocore, Luca and Frugiuele, Claudia and Maltoni, Fabio and Mattelaer, Olivier and Tramontano, Francesco},
	month = may,
	year = {2019},
	note = {arXiv: 1812.06771},
	keywords = {High Energy Physics - Experiment, High Energy Physics - Phenomenology},
	pages = {28},
	annote = {Comment: LaTeX, 42 pages, 14 figures},
}
	
@article{de_favereau_delphes_2014,
title = {{DELPHES} 3, {A} modular framework for fast simulation of a generic collider experiment},
volume = {2014},
issn = {1029-8479},
url = {http://arxiv.org/abs/1307.6346},
doi = {10.1007/JHEP02(2014)057},
number = {2},
urldate = {2020-04-24},
journal = {J. High Energ. Phys.},
author = {de Favereau, J. and Delaere, C. and Demin, P. and Giammanco, A. and LemaÃ®tre, V. and Mertens, A. and Selvaggi, M.},
month = feb,
year = {2014},
note = {arXiv: 1307.6346},
keywords = {High Energy Physics - Experiment, High Energy Physics - Phenomenology},
pages = {57},
annote = {Comment: JHEP 1402 (2014)},
}

@article{nagy_what_2018,
	title = {What is a parton shower},
	volume = {98},
	issn = {2470-0010, 2470-0029},
	url = {http://arxiv.org/abs/1705.08093},
	doi = {10.1103/PhysRevD.98.014034},
	number = {1},
	urldate = {2020-03-31},
	journal = {Phys. Rev. D},
	author = {Nagy, Zoltan and Soper, Davison E.},
	month = jul,
	year = {2018},
	note = {arXiv: 1705.08093},
	keywords = {High Energy Physics - Phenomenology},
	pages = {014034},
	annote = {Comment: 64 pages, 2 figure, new version cites accompanying paper and has some minor improvements in the text, published version},
}

@article{sjostrand_introduction_2015,
	title = {An {Introduction} to {PYTHIA} 8.2},
	volume = {191},
	issn = {00104655},
	url = {http://arxiv.org/abs/1410.3012},
	doi = {10.1016/j.cpc.2015.01.024},
	urldate = {2020-03-07},
	journal = {Computer Physics Communications},
	author = {SjÃ¶strand, Torbjorn and Ask, Stefan and Christiansen, Jesper R. and Corke, Richard and Desai, Nishita and Ilten, Philip and Mrenna, Stephen and Prestel, Stefan and Rasmussen, Christine O. and Skands, Peter Z.},
	month = jun,
	year = {2015},
	note = {arXiv: 1410.3012},
	keywords = {High Energy Physics - Phenomenology},
	pages = {159--177},
	annote = {Comment: 45 pages},
}

@article{van_hameren_oneloop_2011,
	title = {{OneLOop}: for the evaluation of one-loop scalar functions},
	volume = {182},
	issn = {00104655},
	shorttitle = {{OneLOop}},
	url = {http://arxiv.org/abs/1007.4716},
	doi = {10.1016/j.cpc.2011.06.011},
	number = {11},
	urldate = {2020-04-24},
	journal = {Computer Physics Communications},
	author = {van Hameren, A.},
	month = nov,
	year = {2011},
	note = {arXiv: 1007.4716},
	keywords = {High Energy Physics - Phenomenology},
	pages = {2427--2438},
	annote = {Comment: 20 pages},
}

@article{mastrolia_integrand_2012,
	title = {Integrand reduction of one-loop scattering amplitudes through {Laurent} series expansion},
	volume = {2012},
	issn = {1029-8479},
	url = {http://arxiv.org/abs/1203.0291},
	doi = {10.1007/JHEP06(2012)095},
	number = {6},
	urldate = {2020-04-24},
	journal = {J. High Energ. Phys.},
	author = {Mastrolia, Pierpaolo and Mirabella, Edoardo and Peraro, Tiziano},
	month = jun,
	year = {2012},
	note = {arXiv: 1203.0291},
	keywords = {High Energy Physics - Phenomenology},
	pages = {95},
	annote = {Comment: v2: Published version: references and two appendices added. v3: Eq.(6.11) corrected, Appendix B updated accordingly}
}
	
@article{peraro_ninja_2014,
	title = {Ninja: {Automated} {Integrand} {Reduction} via {Laurent} {Expansion} for {One}-{Loop} {Amplitudes}},
	volume = {185},
	issn = {00104655},
	shorttitle = {Ninja},
	url = {http://arxiv.org/abs/1403.1229},
	doi = {10.1016/j.cpc.2014.06.017},
	number = {10},
	urldate = {2020-04-24},
	journal = {Computer Physics Communications},
	author = {Peraro, Tiziano},
	month = oct,
	year = {2014},
	note = {arXiv: 1403.1229},
	keywords = {High Energy Physics - Phenomenology},
	pages = {2771--2797},
	annote = {Comment: Published version},
}


@article{hirschi_tensor_2016,
	title = {Tensor integrand reduction via {Laurent} expansion},
	volume = {2016},
	issn = {1029-8479},
	url = {http://arxiv.org/abs/1604.01363},
	doi = {10.1007/JHEP06(2016)060},
	number = {6},
	urldate = {2020-04-24},
	journal = {J. High Energ. Phys.},
	author = {Hirschi, Valentin and Peraro, Tiziano},
	month = jun,
	year = {2016},
	note = {arXiv: 1604.01363},
	keywords = {High Energy Physics - Phenomenology},
	pages = {60},
}

@article{denner_collier_2017,
	title = {Collier: a fortran-based {Complex} {One}-{Loop} {LIbrary} in {Extended} {Regularizations}},
	volume = {212},
	issn = {00104655},
	shorttitle = {Collier},
	url = {http://arxiv.org/abs/1604.06792},
	doi = {10.1016/j.cpc.2016.10.013},
	urldate = {2020-04-24},
	journal = {Computer Physics Communications},
	author = {Denner, Ansgar and Dittmaier, Stefan and Hofer, Lars},
	month = mar,
	year = {2017},
	note = {arXiv: 1604.06792},
	keywords = {High Energy Physics - Phenomenology},
	pages = {220--238},
	annote = {Comment: 51 pages, version to appear in Comput.Phys.Commun},
}


@article{buckley_lhapdf6_2015,
	title = {{LHAPDF6}: parton density access in the {LHC} precision era},
	volume = {75},
	issn = {1434-6044, 1434-6052},
	shorttitle = {{LHAPDF6}},
	url = {http://arxiv.org/abs/1412.7420},
	doi = {10.1140/epjc/s10052-015-3318-8},
	number = {3},
	urldate = {2020-04-24},
	journal = {Eur. Phys. J. C},
	author = {Buckley, Andy and Ferrando, James and Lloyd, Stephen and Nordstrom, Karl and Page, Ben and Ruefenacht, Martin and Schoenherr, Marek and Watt, Graeme},
	month = mar,
	year = {2015},
	note = {arXiv: 1412.7420},
	keywords = {High Energy Physics - Experiment, High Energy Physics - Phenomenology},
	pages = {132},
	annote = {Comment: 21 pages, 4 figures, 3 tables. v2 updates eq. 22 (from arXiv:1205.4024) to correctly reproduce correlations},
}
	
%%%%%%%%%%%%%%%%%%%%%%%%% RECTIFICADAS BIBLIO %%%%%%%%%%%%%%%%%%%%%
@misc{dalton,
title        = "John Dalton Biography",
author       = "{Dalton, John}",
howpublished = "\url{https://www.biography.com/scientist/john-dalton}",
year         = "1896",
}






